ISA*00*          *00*          *ZZ*PAYERID       *ZZ*PROVIDERID    *211012*1100*U*00401*000000002*0*P*:~
GS*HP*PAYERID*PROVIDERID*20231012*1100*1*X*005010X221A1~
ST*835*0001*005010X221A1~
BPR*I*1500.00*C*CHK************123456789*20231012~
TRN*1*123456*999999~
CLP*26463774*1*500.00*150.00*350.00*CO*45*0~
CAS*CO*45*350.00~
NM1*QC*1*DOE*JOHN****MI*JS123456789~
DTM*232*20231011~
PLB*PROVIDERID*20231012*WO*500~
SE*16*0001~
GE*1*1~
IEA*1*000000002~
